<record><leader>00000cas a22000007a 4500</leader><controlfield tag="001">11351122</controlfield><controlfield tag="008">841106d19841985txuwr ne      0   a0eng d</controlfield><datafield ind1=" " ind2=" " tag="010"><subfield code="a">sn 84001762 </subfield></datafield><datafield ind1=" " ind2=" " tag="040"><subfield code="a">NSD</subfield><subfield code="b">eng</subfield><subfield code="c">NSD</subfield><subfield code="d">PPM</subfield><subfield code="d">NSD</subfield><subfield code="d">DLC</subfield><subfield code="d">OCLCQ</subfield></datafield><datafield ind1=" " ind2=" " tag="012"><subfield code="j">0</subfield><subfield code="m">d</subfield></datafield><datafield ind1="1" ind2=" " tag="022"><subfield code="a">8750-3573</subfield><subfield code="l">8750-3573</subfield><subfield code="2">1</subfield></datafield><datafield ind1=" " ind2=" " tag="037"><subfield code="b">Community, P.O. Box 178, Aledo, TX 76008</subfield></datafield><datafield ind1=" " ind2=" " tag="042"><subfield code="a">nsdp</subfield></datafield><datafield ind1="0" ind2=" " tag="130"><subfield code="a">Community (Aledo, Tex.)</subfield></datafield><datafield ind1=" " ind2="0" tag="222"><subfield code="a">Community</subfield><subfield code="b">(Aledo, Tex.)</subfield></datafield><datafield ind1="1" ind2="0" tag="245"><subfield code="a">Community.</subfield></datafield><datafield ind1=" " ind2=" " tag="260"><subfield code="a">Aledo, Tex. :</subfield><subfield code="b">Wally Dixson</subfield></datafield><datafield ind1=" " ind2=" " tag="300"><subfield code="a">v.</subfield></datafield><datafield ind1=" " ind2=" " tag="310"><subfield code="a">Weekly</subfield></datafield><datafield ind1="1" ind2=" " tag="362"><subfield code="a">Began in 1984.</subfield></datafield><datafield ind1="0" ind2=" " tag="362"><subfield code="a">-v. 2, no. 18 (July 19, 1985).</subfield></datafield><datafield ind1=" " ind2=" " tag="588"><subfield code="a">Description based on: Vol. 1, no. 5 (Apr. 24, 1984).</subfield></datafield><datafield ind1=" " ind2=" " tag="752"><subfield code="a">United States</subfield><subfield code="b">Texas</subfield><subfield code="c">Parker</subfield><subfield code="d">Aledo.</subfield></datafield><datafield ind1="0" ind2="0" tag="785"><subfield code="t">Community news (Aledo, Tex.)</subfield><subfield code="w">(DLC)sn 88083128</subfield></datafield><datafield ind1=" " ind2=" " tag="936"><subfield code="a">Sept. 11, 1984</subfield></datafield></record>